%% This BibTeX bibliography file was created using BibDesk.
%% https://bibdesk.sourceforge.io/

%% Created for Lawrence Bond at 2020-08-07 20:10:58 -0700 


%% Saved with string encoding Unicode (UTF-8) 



@article{Meurer2017,
	Author = {Meurer, Aaron and Smith, Christopher P and Paprocki, Mateusz and {\v{C}}ert{\'\i}k, Ond{\v{r}}ej and Kirpichev, Sergey B and Rocklin, Matthew and Kumar, AMiT and Ivanov, Sergiu and Moore, Jason K and Singh, Sartaj and others},
	Journal = {PeerJ Computer Science},
	Pages = {e103},
	Publisher = {PeerJ Inc.},
	Title = {SymPy: symbolic computing in Python},
	Volume = {3},
	Year = {2017}}

@article{Eshel1982,
	Author = {Eshel, Ilan and Cavalli-Sforza, Luigi Luca},
	Journal = {Proceedings of the National Academy of Sciences},
	Number = {4},
	Pages = {1331--1335},
	Publisher = {National Acad Sciences},
	Title = {Assortment of encounters and evolution of cooperativeness},
	Volume = {79},
	Year = {1982}}

@article{sinervo2006self,
	Author = {Sinervo, Barry and Chaine, Alexis and Clobert, Jean and Calsbeek, Ryan and Hazard, Lisa and Lancaster, Lesley and McAdam, Andrew G and Alonzo, Suzanne and Corrigan, Gwynne and Hochberg, Michael E},
	Date-Added = {2020-08-07 17:09:05 -0700},
	Date-Modified = {2020-08-07 17:09:05 -0700},
	Journal = {Proceedings of the National Academy of Sciences},
	Number = {19},
	Pages = {7372--7377},
	Publisher = {National Acad Sciences},
	Title = {Self-recognition, color signals, and cycles of greenbeard mutualism and altruism},
	Volume = {103},
	Year = {2006}}

@article{lycett2008questions,
	Author = {Lycett, Stephen J and Gowlett, John AJ},
	Date-Added = {2020-08-07 17:07:37 -0700},
	Date-Modified = {2020-08-07 17:07:37 -0700},
	Journal = {World Archaeology},
	Number = {3},
	Pages = {295--315},
	Publisher = {Taylor \& Francis},
	Title = {On questions surrounding the Acheulean `tradition'},
	Volume = {40},
	Year = {2008}}

@book{stacey1990cooperative,
	Date-Added = {2020-08-07 17:01:12 -0700},
	Date-Modified = {2020-08-07 17:04:11 -0700},
	Editor = {Stacey, Peter B and Koenig, Walter D},
	Publisher = {Cambridge University Press},
	Title = {Cooperative breeding in birds: long term studies of ecology and behaviour},
	Year = {1990}}

@article{jaeggi2013natural,
	Author = {Jaeggi, Adrian V and Gurven, Michael},
	Journal = {Evolutionary Anthropology: Issues, News, and Reviews},
	Number = {4},
	Pages = {186--195},
	Publisher = {Wiley Online Library},
	Title = {Natural cooperators: food sharing in humans and other primates},
	Volume = {22},
	Year = {2013}}

@article{axelrod1981evolution,
	Author = {Axelrod, Robert and Hamilton, William D},
	Journal = {Science},
	Number = {4489},
	Pages = {1390--1396},
	Publisher = {American Association for the Advancement of Science},
	Title = {The evolution of cooperation},
	Volume = {211},
	Year = {1981}}

@book{dugatkin1997cooperation,
	Author = {Dugatkin, Lee Alan},
	Publisher = {Oxford University Press on Demand},
	Title = {Cooperation among Animals: An Evolutionary Perspective},
	Year = {1997}}

@article{rice1962altruism,
	Author = {Rice, George E and Gainer, Priscilla},
	Journal = {Journal of Comparative and Physiological Psychology},
	Number = {1},
	Pages = {123},
	Publisher = {American Psychological Association},
	Title = {{``Altruism''} in the albino rat.},
	Volume = {55},
	Year = {1962}}

@article{krams2008experimental,
	Author = {Krams, Indrikis and Krama, Tatjana and Igaune, Kristine and M{\"a}nd, Raivo},
	Journal = {Behavioral Ecology and Sociobiology},
	Number = {4},
	Pages = {599--605},
	Publisher = {Springer},
	Title = {Experimental evidence of reciprocal altruism in the pied flycatcher},
	Volume = {62},
	Year = {2008}}

@book{bonner2018evolution,
	Author = {Bonner, John Tyler},
	Publisher = {Princeton University Press},
	Title = {The Evolution of Culture in Animals},
	Year = {2018}}

@article{ihara2004cultural,
	Author = {Ihara, Yasuo and Feldman, Marcus W},
	Journal = {Theoretical Population Biology},
	Number = {1},
	Pages = {105--111},
	Publisher = {Elsevier},
	Title = {Cultural niche construction and the evolution of small family size},
	Volume = {65},
	Year = {2004}}

@article{jeong2018bronze,
	Author = {Jeong, Choongwon and Wilkin, Shevan and Amgalantugs, Tsend and Bouwman, Abigail S and Taylor, William Timothy Treal and Hagan, Richard W and Bromage, Sabri and Tsolmon, Soninkhishig and Trachsel, Christian and Grossmann, Jonas and others},
	Journal = {Proceedings of the National Academy of Sciences},
	Number = {48},
	Pages = {E11248--E11255},
	Publisher = {National Acad Sciences},
	Title = {Bronze Age population dynamics and the rise of dairy pastoralism on the eastern Eurasian steppe},
	Volume = {115},
	Year = {2018}}

@book{richerson2008not,
	Author = {Richerson, Peter J and Boyd, Robert},
	Publisher = {University of Chicago Press},
	Title = {Not by Genes Alone: How Culture Transformed Human Evolution},
	Year = {2008}}

@article{hamilton1964genetical,
	Author = {Hamilton, William D},
	Journal = {Journal of Theoretical Biology},
	Number = {1},
	Pages = {17--52},
	Publisher = {Elsevier},
	Title = {The genetical evolution of social behaviour. II},
	Volume = {7},
	Year = {1964}}

@article{wilson2005kin,
	Author = {Wilson, Edward O},
	Journal = {Social Research},
	Pages = {159--166},
	Publisher = {JSTOR},
	Title = {Kin selection as the key to altruism: its rise and fall},
	Year = {2005}}

@article{foster2006kin,
	Author = {Foster, Kevin R and Wenseleers, Tom and Ratnieks, Francis LW},
	Journal = {Trends in Ecology \& Evolution},
	Number = {2},
	Pages = {57--60},
	Publisher = {Elsevier},
	Title = {Kin selection is the key to altruism},
	Volume = {21},
	Year = {2006}}

@article{nowak2006five,
	Author = {Nowak, Martin A},
	Journal = {Science},
	Number = {5805},
	Pages = {1560--1563},
	Publisher = {American Association for the Advancement of Science},
	Title = {Five rules for the evolution of cooperation},
	Volume = {314},
	Year = {2006}}

@article{eldakar2011eight,
	Author = {Eldakar, Omar Tonsi and Wilson, David Sloan},
	Journal = {Evolution},
	Number = {6},
	Pages = {1523--1526},
	Publisher = {Wiley Online Library},
	Title = {Eight criticisms not to make about group selection},
	Volume = {65},
	Year = {2011}}

@article{lewin2017microbes,
	Author = {Lewin-Epstein, Ohad and Aharonov, Ranit and Hadany, Lilach},
	Journal = {Nature Communications},
	Pages = {14040},
	Publisher = {Nature Publishing Group},
	Title = {Microbes can help explain the evolution of host altruism},
	Volume = {8},
	Year = {2017}}

@incollection{poulin2010parasite,
	Author = {Poulin, Robert},
	Booktitle = {Advances in the Study of Behavior},
	Pages = {151--186},
	Publisher = {Elsevier},
	Title = {Parasite manipulation of host behavior: an update and frequently asked questions},
	Volume = {41},
	Year = {2010}}

@article{dobson1988population,
	Author = {Dobson, Andrew P},
	Journal = {The Quarterly Review of Biology},
	Number = {2},
	Pages = {139--165},
	Publisher = {Stony Brook Foundation, Inc.},
	Title = {The population biology of parasite-induced changes in host behavior},
	Volume = {63},
	Year = {1988}}

@article{ram2018evolution,
	Author = {Ram, Yoav and Liberman, Uri and Feldman, Marcus W},
	Journal = {Proceedings of the National Academy of Sciences},
	Number = {6},
	Pages = {E1174--E1183},
	Publisher = {National Acad Sciences},
	Title = {Evolution of vertical and oblique transmission under fluctuating selection},
	Volume = {115},
	Year = {2018}}

@book{cavalli1981cultural,
	Author = {Cavalli-Sforza, Luigi Luca and Feldman, Marcus W},
	Number = {16},
	Publisher = {Princeton University Press},
	Title = {Cultural transmission and evolution: A quantitative approach},
	Year = {1981}}

@article{feldman1985gene,
	Author = {Feldman, Marcus W and Cavalli-Sforza, Luca L and Peck, Joel R},
	Journal = {Proceedings of the National Academy of Sciences},
	Number = {17},
	Pages = {5814--5818},
	Publisher = {National Acad Sciences},
	Title = {Gene-culture coevolution: models for the evolution of altruism with cultural transmission},
	Volume = {82},
	Year = {1985}}

@article{lewin2020rockpaperscissors,
author = {Lewin-Epstein, Ohad and Hadany, Lilach},
isbn = {0000000216425},
journal = {Proc. R. Soc. B Biol. Sci.},
month = {feb},
number = {1920},
pages = {20192754},
title = {{Host-microbiome coevolution can promote cooperation in a rock-paper-scissors dynamics}},
volume = {287},
year = {2020}
}

@article{woodcock2006significance,
  title={The significance of non-vertical transmission of phenotype for the evolution of altruism},
  author={Woodcock, Scott},
  journal={Biology and Philosophy},
  volume={21},
  number={2},
  pages={213--234},
  year={2006},
  publisher={Springer}
}

@article{Fletcher2009assortment,
author = {Fletcher, Jeffrey A. and Doebeli, Michael},
journal = {Proc. R. Soc. B Biol. Sci.},
number = {1654},
pages = {13--19},
pmid = {18765343},
title = {{A simple and general explanation for the evolution of altruism}},
volume = {276},
year = {2009}
}

@article{Bijma2010assortment,
author = {Bijma, Piter and Aanen, Duur K.},
journal = {Proc. R. Soc. B Biol. Sci.},
number = {1682},
pages = {673--675},
title = {{Assortment, Hamilton's rule and multilevel selection}},
volume = {277},
year = {2010}
}


@book{Haldane1932book,
address = {London},
author = {Haldane, J. B. S.},
publisher = {Longmans},
title = {{The Causes of Evolution}},
year = {1932}
}

@article{Liberman1988,
author = {Liberman, Uri},
journal = {J. Math. Biol.},
number = {4},
pages = {477--485},
title = {{External stability and ESS: criteria for initial increase of new mutant allele}},
volume = {26},
year = {1988}
}

@article{Altenberg2017,
author = {Altenberg, Lee and Liberman, Uri and Feldman, Marcus W.},
journal = {Proc. Natl. Acad. Sci. U. S. A.},
month = {mar},
number = {12},
pages = {E2392--E2400},
pmid = {28265103},
title = {{Unified reduction principle for the evolution of mutation, migration, and recombination}},
volume = {114},
year = {2017}
}

@article{Liberman1986,
author = {Liberman, Uri and Feldman, Marcus W.},
journal = {Theor. Popul. Biol.},
month = {dec},
number = {3},
pages = {341--71},
pmid = {3810506},
title = {{A general reduction principle for genetic modifiers of recombination.}},
volume = {30},
year = {1986}
}

@article{Zefferman2016,
author = {Zefferman, Matthew R.},
journal = {Behav. Ecol.},
number = {4},
pages = {1172--1181},
title = {{Mothers teach daughters because daughters teach granddaughters: the evolution of sex-biased transmission}},
volume = {27},
year = {2016}
}

@article{Liberman1986modifiers,
author = {Liberman, Uri and Feldman, Marcus W.},
journal = {Theor. Popul. Biol.},
pages = {125--142},
title = {{Modifiers of mutation rate: A general reduction principle.}},
volume = {30},
year = {1986}
}

@article{Liberman1986general,
author = {Liberman, Uri and Feldman, Marcus W.},
journal = {Theor. Popul. Biol.},
month = {dec},
number = {3},
pages = {341--71},
pmid = {3810506},
title = {{A general reduction principle for genetic modifiers of recombination.}},
volume = {30},
year = {1986}
}



@article{Karlin1975,
author = {Karlin, Samuel and Lieberman, Uri and Liberman, Uri},
journal = {J. Math. Biol.},
number = {3},
pages = {1--17},
pmid = {4460262},
title = {{Random temporal variation in selection intensities: One-locus two-allele model}},
volume = {6},
year = {1975}
}

@article{Feldman1972,
author = {Feldman, Marcus W.},
journal = {Theor.\ Popul.\ Biol.},
pages = {324--346},
title = {Selection for linkage modification: I. {R}andom mating populations},
volume = {3},
year = {1972}
}

@article{gurevich2020parental,
author = {Gurevich, Yael and Lewin-Epstein, Ohad and Hadany, Lilach},
journal = {Philos. Trans. R. Soc. B Biol. Sci.},
month = {sep},
number = {1808},
pages = {20190599},
title = {{The evolution of paternal care: a role for microbes?}},
volume = {375},
year = {2020}
}

@article{Ohtsuki2006,
author = {Ohtsuki, Hisashi and Hauert, Christoph and Lieberman, Erez and Nowak, Martin A.},
journal = {Nature},
number = {7092},
pages = {502--505},
title = {{A simple rule for the evolution of cooperation on graphs and social networks}},
volume = {441},
year = {2006}
}

@inproceedings{moore1962machine,
  title={Machine models of self-reproduction},
  author={Moore, Edward F},
  booktitle={Proceedings of symposia in applied mathematics},
  volume={14},
  number={5},
  pages={17--33},
  year={1962},
  organization={American Mathematical Society New York}
}

@article{milinski1987tit,
  title={Tit for tat in sticklebacks and the evolution of cooperation},
  author={Milinski, Manfred},
  journal={nature},
  volume={325},
  number={6103},
  pages={433--435},
  year={1987},
  publisher={Nature Publishing Group}
}

@article{nowak1992tit,
  title={Tit for tat in heterogeneous populations},
  author={Nowak, Martin A and Sigmund, Karl},
  journal={Nature},
  volume={355},
  number={6357},
  pages={250--253},
  year={1992},
  publisher={Nature Publishing Group}
}

@book{skyrms2004stag,
  title={The stag hunt and the evolution of social structure},
  author={Skyrms, Brian},
  year={2004},
  publisher={Cambridge University Press}
}

@article{tomasello2012two,
  title={Two key steps in the evolution of human cooperation: The interdependence hypothesis},
  author={Tomasello, Michael and Melis, Alicia P and Tennie, Claudio and Wyman, Emily and Herrmann, Esther and Gilby, Ian C and Hawkes, Kristen and Sterelny, Kim and Wyman, Emily and Tomasello, Michael and others},
  journal={Current anthropology},
  volume={53},
  number={6},
  pages={000--000},
  year={2012},
  publisher={University of Chicago Press Chicago, IL}
}

@article{traxler2011social,
  title={Social norms and the indirect evolution of conditional cooperation},
  author={Traxler, Christian and Spichtig, Mathias},
  journal={Journal of Economics},
  volume={102},
  number={3},
  pages={237--262},
  year={2011},
  publisher={Springer}
}

@article{morsky2020false,
  title={False beliefs can bootstrap cooperative communities through social norms},
  author={Morsky, Bryce and Akcay, Erol},
  year={2020},
  publisher={SocArXiv}
}

@article{handley2020human,
  title={Human large-scale cooperation as a product of competition between cultural groups},
  author={Handley, Carla and Mathew, Sarah},
  journal={Nature communications},
  volume={11},
  number={1},
  pages={1--9},
  year={2020},
  publisher={Nature Publishing Group}
}

@article{lessard1990evolutionary,
  title={Evolutionary stability: one concept, several meanings.},
  author={Lessard, Sabin and others},
  journal={Theoretical population biology},
  volume={37},
  number={1},
  pages={159--170},
  year={1990}
}

@article{sacks1967stable,
  title={A stable equilibrium with minimum average fitness},
  author={Sacks, Jerome M},
  journal={Genetics},
  volume={56},
  number={4},
  pages={705},
  year={1967},
  publisher={Genetics Society of America}
}

@book{mitani2012evolution,
  title={The evolution of primate societies},
  author={Mitani, John C and Call, Josep and Kappeler, Peter M and Palombit, Ryne A and Silk, Joan B},
  year={2012},
  publisher={University of Chicago Press}
}

@article{su2021evolution,
  title={Evolution of cooperation with asymmetric social interactions},
  author={Su, Qi and Plotkin, Joshua and others},
  journal={arXiv preprint arXiv:2105.01167},
  year={2021}
}

@article{azcarate2007microclimatic,
  title={Microclimatic conditions regulate surface activity in harvester ants Messor barbarus},
  author={Azc{\'a}rate, Francisco M and Kovacs, Eva and Peco, Bego{\~n}a},
  journal={Journal of Insect Behavior},
  volume={20},
  number={3},
  pages={315--329},
  year={2007},
  publisher={Springer}
}

@article{briffa2008comparing,
  title={Comparing the strength of behavioural plasticity and consistency across situations: animal personalities in the hermit crab Pagurus bernhardus},
  author={Briffa, Mark and Rundle, Simon D and Fryer, Adam},
  journal={Proceedings of the Royal Society B: Biological Sciences},
  volume={275},
  number={1640},
  pages={1305--1311},
  year={2008},
  publisher={The Royal Society London}
}

@article{johnson2001foraging,
  title={Foraging across a variable landscape: behavioral decisions made by woodland caribou at multiple spatial scales},
  author={Johnson, Chris J and Parker, Katherine L and Heard, Douglas C},
  journal={Oecologia},
  volume={127},
  number={4},
  pages={590--602},
  year={2001},
  publisher={Springer}
}