@article{axelrod1981evolution,
  title={The evolution of cooperation},
  author={Axelrod, Robert and Hamilton, William D},
  journal={Science},
  volume={211},
  number={4489},
  pages={1390--1396},
  year={1981},
  publisher={American Association for the Advancement of Science}
}

@book{dugatkin1997cooperation,
  title={Cooperation among Animals: An Evolutionary Perspective},
  author={Dugatkin, Lee Alan},
  year={1997},
  publisher={Oxford University Press on Demand}
}

@article{rice1962altruism,
  title={{``Altruism''} in the albino rat.},
  author={Rice, George E and Gainer, Priscilla},
  journal={Journal of Comparative and Physiological Psychology},
  volume={55},
  number={1},
  pages={123},
  year={1962},
  publisher={American Psychological Association}
}

@article{krams2008experimental,
  title={Experimental evidence of reciprocal altruism in the pied flycatcher},
  author={Krams, Indrikis and Krama, Tatjana and Igaune, Kristine and M{\"a}nd, Raivo},
  journal={Behavioral Ecology and Sociobiology},
  volume={62},
  number={4},
  pages={599--605},
  year={2008},
  publisher={Springer}
}

@book{bonner2018evolution,
  title={The Evolution of Culture in Animals},
  author={Bonner, John Tyler},
  year={2018},
  publisher={Princeton University Press}
}

@article{ihara2004cultural,
  title={Cultural niche construction and the evolution of small family size},
  author={Ihara, Yasuo and Feldman, Marcus W},
  journal={Theoretical Population Biology},
  volume={65},
  number={1},
  pages={105--111},
  year={2004},
  publisher={Elsevier}
}

@article{jeong2018bronze,
  title={Bronze Age population dynamics and the rise of dairy pastoralism on the eastern Eurasian steppe},
  author={Jeong, Choongwon and Wilkin, Shevan and Amgalantugs, Tsend and Bouwman, Abigail S and Taylor, William Timothy Treal and Hagan, Richard W and Bromage, Sabri and Tsolmon, Soninkhishig and Trachsel, Christian and Grossmann, Jonas and others},
  journal={Proceedings of the National Academy of Sciences},
  volume={115},
  number={48},
  pages={E11248--E11255},
  year={2018},
  publisher={National Acad Sciences}
}

@book{richerson2008not,
  title={Not by Genes Alone: How Culture Transformed Human Evolution},
  author={Richerson, Peter J and Boyd, Robert},
  year={2008},
  publisher={University of Chicago Press}
}

@article{hamilton1964genetical,
  title={The genetical evolution of social behaviour. II},
  author={Hamilton, William D},
  journal={Journal of Theoretical Biology},
  volume={7},
  number={1},
  pages={17--52},
  year={1964},
  publisher={Elsevier}
}

@article{wilson2005kin,
  title={Kin selection as the key to altruism: its rise and fall},
  author={Wilson, Edward O},
  journal={Social Research},
  pages={159--166},
  year={2005},
  publisher={JSTOR}
}

@article{foster2006kin,
  title={Kin selection is the key to altruism},
  author={Foster, Kevin R and Wenseleers, Tom and Ratnieks, Francis LW},
  journal={Trends in Ecology \& Evolution},
  volume={21},
  number={2},
  pages={57--60},
  year={2006},
  publisher={Elsevier}
}

@article{nowak2006five,
  title={Five rules for the evolution of cooperation},
  author={Nowak, Martin A},
  journal={Science},
  volume={314},
  number={5805},
  pages={1560--1563},
  year={2006},
  publisher={American Association for the Advancement of Science}
}

@article{eldakar2011eight,
  title={Eight criticisms not to make about group selection},
  author={Eldakar, Omar Tonsi and Wilson, David Sloan},
  journal={Evolution},
  volume={65},
  number={6},
  pages={1523--1526},
  year={2011},
  publisher={Wiley Online Library}
}

@article{lewin2017microbes,
  title={Microbes can help explain the evolution of host altruism},
  author={Lewin-Epstein, Ohad and Aharonov, Ranit and Hadany, Lilach},
  journal={Nature Communications},
  volume={8},
  pages={14040},
  year={2017},
  publisher={Nature Publishing Group}
}

@incollection{poulin2010parasite,
  title={Parasite manipulation of host behavior: an update and frequently asked questions},
  author={Poulin, Robert},
  booktitle={Advances in the Study of Behavior},
  volume={41},
  pages={151--186},
  year={2010},
  publisher={Elsevier}
}

@article{dobson1988population,
  title={The population biology of parasite-induced changes in host behavior},
  author={Dobson, Andrew P},
  journal={The Quarterly Review of Biology},
  volume={63},
  number={2},
  pages={139--165},
  year={1988},
  publisher={Stony Brook Foundation, Inc.}
}

@article{ram2018evolution,
  title={Evolution of vertical and oblique transmission under fluctuating selection},
  author={Ram, Yoav and Liberman, Uri and Feldman, Marcus W},
  journal={Proceedings of the National Academy of Sciences},
  volume={115},
  number={6},
  pages={E1174--E1183},
  year={2018},
  publisher={National Acad Sciences}
}

@book{cavalli1981cultural,
  title={Cultural transmission and evolution: A quantitative approach},
  author={Cavalli-Sforza, Luigi Luca and Feldman, Marcus W},
  number={16},
  year={1981},
  publisher={Princeton University Press}
}

@article{feldman1985gene,
  title={Gene-culture coevolution: models for the evolution of altruism with cultural transmission},
  author={Feldman, Marcus W and Cavalli-Sforza, Luca L and Peck, Joel R},
  journal={Proceedings of the National Academy of Sciences},
  volume={82},
  number={17},
  pages={5814--5818},
  year={1985},
  publisher={National Acad Sciences}
}

@article{10.7717/peerj-cs.103,
 title = {SymPy: symbolic computing in Python},
 author = {Meurer, Aaron and Smith, Christopher P. and Paprocki, Mateusz and \v{C}ert\'{i}k, Ond\v{r}ej and Kirpichev, Sergey B. and Rocklin, Matthew and Kumar, AMiT and Ivanov, Sergiu and Moore, Jason K. and Singh, Sartaj and Rathnayake, Thilina and Vig, Sean and Granger, Brian E. and Muller, Richard P. and Bonazzi, Francesco and Gupta, Harsh and Vats, Shivam and Johansson, Fredrik and Pedregosa, Fabian and Curry, Matthew J. and Terrel, Andy R. and Rou\v{c}ka, \v{S}t\v{e}p\'{a}n and Saboo, Ashutosh and Fernando, Isuru and Kulal, Sumith and Cimrman, Robert and Scopatz, Anthony},
 year = 2017,
 month = jan,
 keywords = {Python, Computer algebra system, Symbolics},
 abstract = {
            SymPy is an open source computer algebra system written in pure Python. It is built with a focus on extensibility and ease of use, through both interactive and programmatic applications. These characteristics have led SymPy to become a popular symbolic library for the scientific Python ecosystem. This paper presents the architecture of SymPy, a description of its features, and a discussion of select submodules. The supplementary material provide additional examples and further outline details of the architecture and features of SymPy.
         },
 volume = 3,
 pages = {e103},
 journal = {PeerJ Computer Science},
 issn = {2376-5992},
 url = {https://doi.org/10.7717/peerj-cs.103},
 doi = {10.7717/peerj-cs.103}
}
